
@article{yang_integrated_2012,
	title = {An integrated simulation method for building energy performance assessment in urban environments},
	volume = {54},
	journal = {Energy and Buildings},
	author = {Yang, Xiaoshan and Zhao, Lihua and Bruse, Michael and Meng, Qinglin},
	month = nov,
	year = {2012},
	pages = {243--251}
}

@article{wetter_co-simulation_2011,
	title = {Co-simulation of building energy and control systems with the {Building} {Controls} {Virtual} {Test} {Bed}},
	volume = {4},
	number = {3},
	journal = {Journal of Building Performance Simulation},
	author = {Wetter, Michael},
	month = sep,
	year = {2011},
	pages = {185--203}
}

@article{united_states_department_of_energy_doe_energyplus_2015,
	title = {{EnergyPlus} {Engineering} {Reference} {Version} 8.2: {The} {Reference} to {EnergyPlus} {Calculations}},
	journal = {The Reference to EnergyPlus Calculations},
	author = {{United States Department of Energy (DOE)}},
	year = {2015}
}

@article{united_nations_world_2014,
	title = {World {Urbanization} {Prospects}: 2014 {Update}},
	author = {{United Nations}},
	month = jul,
	year = {2014},
	pages = {1--32}
}

@article{trcka_co-simulation_2010,
	title = {Co-simulation for performance prediction of integrated building and {HVAC} systems–{An} analysis of solution characteristics using a two-body system},
	volume = {18},
	journal = {Simulation Modelling Practice and Theory},
	author = {Trčka, M and Hensen, Jan and Wetter, M},
	year = {2010},
	pages = {957--970}
}

@inproceedings{thomas_customizable_2012,
	address = {Rekyjavik, Iceland},
	title = {Customizable continuous building simulation using the design performance toolkit and {Kepler} scientific workflows},
	booktitle = {Proceedings of {ECPPM} 2012: {eWork} and {eBusiness} in {Architecture}, {Engineering} and {Construction}},
	publisher = {CRC Press},
	author = {Thomas, Daren and Schlueter, Arno},
	year = {2012},
	pages = {17--22}
}

@article{thomas_multiscale_2014,
	title = {Multiscale co-simulation of {EnergyPlus} and {CitySim} models derived from a building information model},
	journal = {BauSIM 2014: Fifth German-Austrian IBPSA Conference},
	author = {Thomas, D and Miller, C and Kämpf, J and Schlueter, Arno},
	year = {2014}
}

@article{srebric_building_2015,
	title = {Building neighborhood emerging properties and their impacts on multi-scale modeling of building energy and airflows},
	volume = {91},
	number = {C},
	journal = {Building and Environment},
	author = {Srebric, Jelena and Heidarinejad, Mohammad and Liu, Jiying},
	month = sep,
	year = {2015},
	pages = {246--262}
}

@article{schlueter_building_2009,
	title = {Building information model based energy/exergy performance assessment in early design stages},
	volume = {18},
	number = {2},
	journal = {Automation in Construction},
	author = {Schlueter, Arno and Thesseling, Frank},
	year = {2009},
	pages = {153--163}
}

@article{samuelson_analysis_2015,
	title = {Analysis of a simplified calibration procedure for 18 design-phase building energy models},
	journal = {Journal of Building Performance Simulation},
	author = {Samuelson, Holly W and Ghorayshi, Arash and Reinhart, Christoph F},
	month = jan,
	year = {2015},
	pages = {1--13}
}

@article{robinson_solar_2004,
	title = {Solar radiation modelling in the urban context},
	volume = {77},
	number = {3},
	journal = {Solar Energy},
	author = {Robinson, D and Stone, Andrew},
	month = sep,
	year = {2004},
	pages = {295--309}
}

@inproceedings{robinson_citysim:_2009,
	address = {Glasgow, Scotland},
	title = {{CitySim}: {Comprehensive} micro-simulation of resource flows for sustainable urban planning},
	booktitle = {Proceedings of {BS}2009: 11th {International} {Building} {Performance} {Simulation} {Association} {Conference}},
	author = {Robinson, D and Haldi, Frédéric and Kämpf, J and Leroux, Philippe and Perez, Diane and Rasheed, Adil and Wilke, Urs},
	month = jul,
	year = {2009}
}

@book{remund_handbook_2014,
	title = {Handbook of {METEONORM} {Version} 7.0},
	author = {Remund, Jan and Müller, Stefan and Kunz, Stefan and Huguenin-Landl, Barbara and Studer, Christian and Schilter, Christoph},
	month = may,
	year = {2014}
}

@inproceedings{nouidui_tool_2014,
	title = {Tool coupling for the design and operation of building energy and control systems based on the {Functional} {Mock}-up {Interface} standard},
	booktitle = {the 10th {International} {Modelica} {Conference}, {March} 10-12, 2014, {Lund}, {Sweden}},
	publisher = {Linköping University Electronic Press},
	author = {Nouidui, Thierry Stephane and Wetter, Michael},
	month = mar,
	year = {2014},
	pages = {311--320}
}

@article{nouidui_functional_2014,
	title = {Functional mock-up unit for co-simulation import in {EnergyPlus}},
	volume = {7},
	number = {3},
	journal = {Journal of Building Performance Simulation},
	author = {Nouidui, Thierry and Wetter, Michael and Zuo, Wangda},
	month = may,
	year = {2014},
	pages = {192--202}
}

@inproceedings{miller_modeling_2010,
	address = {New York, NY},
	title = {Modeling of the {Single} {Coil}, {Twin} {Fan} {Air}-{Conditioning} {System} in {EnergyPlus}},
	booktitle = {{SimBuild} 2010: {Fourth} {National} {Conference} of {IBPSA}-{USA}},
	author = {Miller, Clayton and Sekhar, Chandra},
	month = aug,
	year = {2010},
	pages = {201--206}
}

@inproceedings{miller_bim-extracted_2014,
	address = {Atlanta, GA, USA},
	title = {{BIM}-extracted {EnergyPlus} model calibration for retrofit analysis of a historically listed building in {Switzerland}},
	booktitle = {In {Proceedings} of {SimBuild} 2014: 2014 {ASHRAE}/{IBPSA}-{USA} {Building} {Simulation} {Conference}},
	author = {Miller, Clayton and Thomas, Daren and Irigoyen, Silvia Domingo and Hersberger, Christian and Nagy, Zoltan and Rossi, Dino and Schlueter, Arno},
	month = sep,
	year = {2014}
}

@inproceedings{miller_long_2015,
	address = {Lausanne, Switzerland},
	title = {Long {Wave} {Radiation} {Exchange} for {Urban} {Scale} {Modeling} within a {Co}-{Simulation} {Environment}},
	booktitle = {{CISBAT}},
	author = {Miller, Clayton and Thomas, Daren and Kämpf, Jérôme and Schlueter, Arno},
	month = sep,
	year = {2015}
}

@article{mauree_evaluation_2015,
	title = {Evaluation and {Optimization} of {Renewable} {Energy} in the "{Quartier} {Nord}": {Objective} {Zero}-{Power}},
	journal = {CISBAT 2015},
	author = {Mauree, D and Yao, Y and KAEMPF, J and Scartezzini, J L},
	year = {2015}
}

@article{martin_estimation_2015,
	title = {Estimation of urban temperature and humidity using a lumped parameter model coupled with an {EnergyPlus} model},
	volume = {96},
	journal = {Energy and Buildings},
	author = {Martin, Miguel and Afshari, Afshin and Armstrong, Peter R and Norford, Leslie K},
	month = jun,
	year = {2015},
	pages = {221--235}
}

@article{lawrie_energyplus:_2001,
	title = {{EnergyPlus}: creating a new-generation building energy simulation program},
	volume = {33},
	number = {4},
	journal = {Energy and Buildings},
	author = {Lawrie, L K and Winkelmann, Fred C and Buhl, Fred and Huang, Joe J},
	month = apr,
	year = {2001},
	pages = {319--331}
}

@article{keirstead_review_2012,
	title = {A review of urban energy system models: {Approaches}, challenges and opportunities},
	volume = {16},
	number = {6},
	journal = {Renewable and Sustainable Energy Reviews},
	author = {Keirstead, James and Jennings, Mark and Sivakumar, Aruna},
	month = aug,
	year = {2012},
	pages = {3847--3866}
}

@inproceedings{hersberger_thermal_2013,
	address = {Lausanne, Switzerland},
	title = {Thermal {Modelling} of a {Low} {Exergy} {HVAC} {System} in {EnergyPlus}: {A} {Case} {Study}},
	booktitle = {{CISBAT}},
	author = {Hersberger, Christian and Sagerschnig, Carina},
	month = sep,
	year = {2013},
	pages = {1139--1144}
}

@article{haldi_impact_2011,
	title = {The impact of occupants' behaviour on building energy demand},
	volume = {4},
	number = {4},
	journal = {Journal of Building Performance Simulation},
	author = {Haldi, Frédéric and Robinson, D},
	month = dec,
	year = {2011},
	pages = {323--338}
}

@article{freire_reproducibility_2014,
	title = {Reproducibility using {VisTrails}},
	journal = {Implementing Reproducible Research},
	author = {Freire, Juliana and Koop, David and Chirigati, Fernando Seabra and Silva, Cláudio T},
	year = {2014},
	pages = {33}
}

@article{fonseca_integrated_2015,
	title = {Integrated model for characterization of spatiotemporal building energy consumption patterns in neighborhoods and city districts},
	volume = {142},
	number = {C},
	journal = {Applied Energy},
	author = {Fonseca, Jimeno A and Schlueter, Arno},
	month = mar,
	year = {2015},
	pages = {247--265}
}

@article{evins_simulating_2014,
	title = {Simulating external longwave radiation exchange for buildings},
	volume = {75},
	journal = {Energy and Buildings},
	author = {Evins, Ralph and Dorer, Viktor and Carmeliet, Jan},
	month = jun,
	year = {2014},
	pages = {472--482}
}

@inproceedings{dorer_modelling_2013,
	address = {Chambery, France},
	title = {Modelling the urban microclimate and its impact on the energy demand of buildings and building clusters},
	booktitle = {Proceedings of {BS}2013: 13th {Conference} of {International} {Building} {Performance} {Simulation} {Association}},
	publisher = {International Building Performance Simulation Association},
	author = {Dorer, Viktor and Allegrini, Jonas and Orehounig, Kristina and Moonen, Peter and Upadhyay, Govinda and Kämpf, Jérôme and Carmeliet, Jan},
	month = aug,
	year = {2013},
	pages = {3483--3489}
}

@article{bueno_combining_2011,
	title = {Combining a {Detailed} {Building} {Energy} {Model} with a {Physically}-{Based} {Urban} {Canopy} {Model}},
	volume = {140},
	number = {3},
	journal = {Boundary-Layer Meteorology},
	author = {Bueno, Bruno and Norford, Leslie K and Pigeon, Grégoire and Britter, Rex},
	month = may,
	year = {2011},
	pages = {471--489}
}

@article{bueno_urban_2013,
	title = {The urban weather generator},
	volume = {6},
	number = {4},
	journal = {Journal of Building Performance Simulation},
	author = {Bueno, Bruno and Norford, Leslie K and Hidalgo, Julia and Pigeon, Grégoire},
	month = jul,
	year = {2013},
	pages = {269--281}
}

@article{bouyer_microclimatic_2011,
	title = {Microclimatic coupling as a solution to improve building energy simulation in an urban context},
	volume = {43},
	number = {7},
	journal = {Energy and Buildings},
	author = {Bouyer, Julien and Inard, Christian and Musy, Marjorie},
	month = jul,
	year = {2011},
	pages = {1549--1559}
}

@article{beausoleil-morrison_design_2011,
	title = {The design of an {ESP}-r and {TRNSYS} co-simulator},
	journal = {Proc Building {\textbackslash}ldots},
	author = {Beausoleil-Morrison, I and Macdonald, F and Kummert, M},
	year = {2011}
}

@article{allegrini_influence_2012,
	title = {Influence of the urban microclimate in street canyons on the energy demand for space cooling and heating of buildings},
	volume = {55},
	journal = {Energy and Buildings},
	author = {Allegrini, Jonas and Dorer, Viktor and Carmeliet, Jan},
	month = dec,
	year = {2012},
	pages = {823--832}
}

@article{beyeler_minergie:_2009,
	title = {Minergie: {The} {Swiss} sustainable building standard},
	volume = {4},
	number = {4},
	journal = {innovations},
	author = {Beyeler, Franz and Beglinger, Nick and Roder, Ursina},
	year = {2009},
	pages = {241--244}
}

@article{miller_automated_2015,
	title = {Automated daily pattern filtering of measured building performance data},
	volume = {49},
	url = {http://www.sciencedirect.com/science/article/pii/S0926580514002015},
	journal = {Automation in Construction},
	author = {Miller, Clayton and Nagy, Zoltán and Schlueter, Arno},
	year = {2015},
	pages = {1--17},
	file = {Snapshot:/Users/Clayton/Library/Application Support/Zotero/Profiles/urt936ih.default/zotero/storage/8RGAU6CZ/S0926580514002015.html:text/html}
}

@article{zhang_coupled_2013,
	title = {Coupled {EnergyPlus} and computational fluid dynamics simulation for natural ventilation},
	volume = {68},
	url = {http://www.sciencedirect.com/science/article/pii/S0360132313001029},
	journal = {Building and Environment},
	author = {Zhang, Rui and Lam, Khee Poh and Yao, Shi-chune and Zhang, Yongjie},
	year = {2013},
	pages = {100--113},
	file = {Snapshot:/Users/Clayton/Library/Application Support/Zotero/Profiles/urt936ih.default/zotero/storage/HFPQTDV6/S0360132313001029.html:text/html}
}